@ONLINE{manopenssl,
author = {OpenSSL},
title = {OpenSSL, Cryptography and SSL/TLS Toolkit},
month = jan,
year = {2013},
url = {http://www.openssl.org/docs/apps/openssl.html}
}

@ONLINE{apache,
author = {Apache},
title = {Apache HttpComponents - HttpComponents Downloads},
month = apr,
year = {2013},
url = {http://hc.apache.org/downloads.cgi}
}



@ONLINE{mankeytool,
author = {Oracle},
title = {keytool - Key and Certificate Management Tool},
year = {2010},
url = {http://docs.oracle.com/javase/1.5.0/docs/tooldocs/solaris/keytool.html}
}

@ONLINE{manbouncycastle,
author = {Bouncy Castle},
title = {The Legion of the Bouncy Castle},
year = {2012},
url = {http://www.bouncycastle.org/}
}

@ONLINE{manportecle,
author = {scop},
title = {Portecle},
year = {2011},
url = {http://portecle.sourceforge.net/}
}

% 1
@INPROCEEDINGS{6115545,
author={Elkhodr, M. and Shahrestani, S. and Hon Cheung},
booktitle={Local Computer Networks (LCN), 2011 IEEE 36th Conference on}, title={Enhancing the security of mobile health monitoring systems through trust negotiations},
year={2011},
pages={754-757},
keywords={authorisation;biomedical communication;data privacy;health care;medical information systems;mobile computing;patient monitoring;trusted computing;EHR;elderly care;electronic health record;healthcare provider;identity-based access control;information privacy;mobile device;mobile environment;mobile health monitoring system;personally sensitive information;provider location;quality of care;remote monitoring system;transport layer security;trust negotiation;Medical services;Mobile communication;Mobile handsets;Monitoring;Protocols;Security;Servers;TLS protocol;e-health security;mobile application;remote health monitoring;trust negotiations},
doi={10.1109/LCN.2011.6115545},
ISSN={0742-1303}
}

% 2
@INPROCEEDINGS{5972278,
author={Suguna, M. and Subathra, P.},
booktitle={Recent Trends in Information Technology (ICRTIT), 2011 International Conference on}, title={Establishment of stable certificate chains for authentication in mobile ad hoc networks},
year={2011},
pages={234-239},
keywords={mobile ad hoc networks;public key cryptography;telecommunication network routing;telecommunication network topology;telecommunication security;MANET;NS2;authentication mechanism;centralized administration;end-to-end delay;key management problems;link failure;mobile ad hoc networks;network simulator tool;packet delivery ratio;public key infrastructure;routing overhead;stable certificate chains;unstable topology;wireless infrastructure-less networks;Ad hoc networks;Authentication;Delay;Mobile computing;Public key;Routing;Ad hoc Network;Authentication;Certificate Chain;Link Expiry Time;Security;Stable links},
doi={10.1109/ICRTIT.2011.5972278}
}

% 3
@INPROCEEDINGS{6040529,
author={Weerasinghe, D. and Muttukrishnan, R.},
booktitle={Wireless Communications, Networking and Mobile Computing (WiCOM), 2011 7th International Conference on}, title={Secure Trust Delegation for Sharing Patient Medical Records in a Mobile Environment},
year={2011},
pages={1-4},
keywords={health care;medical information systems;mobile handsets;protocols;security of data;emergency medical units;hand-held mobile devices;mobile emergency medical personal;mobile environment;protocol;secure trust delegation;sharing patient medical records;unconscious patients;Hospitals;Medical diagnostic imaging;Mobile communication;Mobile handsets;Security;Servers},
doi={10.1109/wicom.2011.6040529},
ISSN={2161-9646}
}

% 4
@INPROCEEDINGS{fongen1,
author={Fongen, A.},
booktitle={Emerging Security Information Systems and Technologies (SECURWARE), 2010 Fourth International Conference on}, title={Identity Management without Revocation},
year={2010},
pages={75-81},
keywords={cryptographic protocols;data privacy;message authentication;public key cryptography;DOS protection;access control policy;authentication protocol;identity management;messages integrity;privacy protection;public key certificate;revocation mechanism;Access control;Authentication;Mobile communication;Protocols;Public key;Servers;certificate revocation;identity management},
doi={10.1109/SECURWARE.2010.20}
}

% 5
@article{sparks2007sip,
  title={SIP: basics and beyond},
  author={Sparks, Robert},
  journal={Queue},
  volume={5},
  number={2},
  pages={22--33},
  year={2007},
  publisher={ACM}
}

% 6 do not use
@INPROCEEDINGS{6198123, 
author={Pfeiffer, S. and Unger, S. and Timmermann, D. and Lehmann, A.}, 
booktitle={Systems, Signals and Devices (SSD), 2012 9th International Multi-Conference on}, title={Secure information flow awareness for smart wireless eHealth systems}, 
year={2012}, 
pages={1-6}, 
keywords={formal verification;health care;medical information systems;mobile computing;security of data;aggregated information;e-Health applications;formally-based verification method;illegal information flow;indispensable design criterion;information flow awareness security;information flow violation;information security;mobile medical assistant systems;smart m-Health system;smart wireless e-Health system;tool supported verification method;undesired information leaks;Databases;Mathematical model;Medical services;Mobile handsets;Security;Semantics;Unified modeling language}, 
doi={10.1109/SSD.2012.6198123}
}

% 7
@INPROCEEDINGS{4451065,
author={Ahamed, S.I. and Talukder, N. and Haque, M.},
booktitle={Mobile and Ubiquitous Systems: Networking Services, 2007. MobiQuitous 2007. Fourth Annual International Conference on}, title={Privacy Challenges in Context-sensitive Access Control for Pervasive Computing Environment},
year={2007},
pages={1-6},
keywords={authorisation;health care;ubiquitous computing;context sensitive information;context-sensitive access control;dynamic collaborative environment;information leakage;pervasive computing environment;pervasive devices;pervasive healthcare environment;privacy challenges;privacy violation;Access control;Collaboration;Hospitals;Mathematics;Medical services;Permission;Personal digital assistants;Pervasive computing;Privacy;Statistics;Healthcare;Information leak;Pervasive Computing;Privacy violation;Trust Model},
doi={10.1109/MOBIQ.2007.4451065}
}

% 8
@INPROCEEDINGS{4205196,
author={Changyu Dong and Dulay, N.},
booktitle={Pervasive Health Conference and Workshops, 2006}, title={Privacy Preserving Trust Negotiation for Pervasive Healthcare},
year={2006},
pages={1-9},
keywords={Java;computerised monitoring;health care;mobile computing;patient monitoring;protocols;security of data;ETTG;J2ME platforms;Java;access-control policies;disclosure policies;extended trust target graph protocol;patient monitoring;pervasive healthcare systems;privacy preserving trust negotiation;Access protocols;Biomedical monitoring;Java;Medical services;Mobile handsets;Patient monitoring;Privacy;Remote monitoring;Security;Sensor systems},
doi={10.1109/PCTHEALTH.2006.361626}
}

% 9
@inproceedings{fongen2011federated,
  title={Federated identity management for android},
  author={Fongen, Anders},
  booktitle={SECURWARE 2011, The Fifth International Conference on Emerging Security Information, Systems and Technologies},
  pages={77--82},
  year={2011}
}

@book{todd2003javaserver,
  title={JavaServer pages developer's handbook},
  author={Todd, N. and Szolkowski, M.},
  isbn={9780672324383},
  lccn={02105436},
  series={Developer's library},
  url={http://books.google.com/books?id=ru9SAAAAMAAJ},
  year={2003},
  publisher={Sams Pub.}
}
